3420 4516
497 395 979 131 Cõment le roy pepin espousa ber

391 504 1100 109 te dame de grant renõmee. i,chap̃

640 1855 844 105 Eritablement nous trou-

632 1941 859 110 uons aux croniques anciẽ-

636 2035 848 113 nes que noble et vaillãt roy

365 2130 1141 112 pepin si espousa et prist a fẽme berte

369 2220 1115 98 dame de grant renõmee: saige et pru

361 2299 1126 113 dente qͥ en son temps eust et souffrit

361 2385 1126 113 par enuye grãde habondãce ce pestil

357 2472 1130 120 lãce et tribulatiõ. Car elle fut chas

357 2570 1130 117 see et expellee de la cõpagnie et habi

357 2664 1127 105 tation du dit roy son mary: par vne

354 2747 1130 116 faulce et mauldite fẽme vielle et en

354 2845 1126 116 uenimee en malice. laq̃lle vielle pour

350 2935 1130 98 la premiere nuytee trouua facon et

357 3021 1123 106 maniere ce bailler et deliurer vne siẽ

354 3112 1126 105 ne fille au lieu de la bonne royne ber-

354 3213 1126 94 te. et elle mena et cõduisist ceste tra-

350 3289 1126 116 hison pour maintenir sa fille auec le

346 3379 1130 109 roy au lieu de berthe son espouse. le-

346 3466 1130 124 ql roy dicelle fille eut deux filz hauf

354 3575 1122 98 froy et henry. qͥ ou tẽps de leur regne

346 3661 1138 98 moult fort greuerẽt et gasterent le

354 3744 1126 181 pays de france. Et furent de fier cou

1544 421 1156 120 rage plaĩ et de male voulẽte. ces deux

1570 515 1130 105 furent cause de mettre la royne ber-

1566 602 1130 109 the en exil. dont luy cõuint mainte

1563 688 1118 128 douleur et angoisse souffrir. et en ex

1559 779 1134 112 il fut ladite dame moult lõguemẽt

1555 869 1141 109 vsãt et passant ses iours en larmes

1555 959 1126 113 et gemissemẽs. Mais puis ap̃s de sõ

1559 1057 1130 109 amere et douloureuse fortune dieu le

1555 1140 1126 120 createur des peines et tourmẽs vray

1559 1234 1118 117 protecteur deffendeur et tres piteulx

1555 1320 1130 121 voulut la bõne dame en son auersite

1551 1411 1130 116 misericordieusemẽt secourir. Et en

1555 1501 1122 117 tãt q̃ dieu createur du mõde au moy

1551 1580 1134 117 en et a lĩtercessiõ de plusieurs barõs

1563 1678 1118 113 fe france desirãt le bien et vtilite du

1563 1768 1122 117 dit royaulme: la royne berthe fust a-

1551 1862 1134 106 cordee au roy. lequel en grãt pitie et

1555 1941 1122 128 hõneur la receust. et ap̃s peu de tẽps

1551 2043 1134 117 en elle engendra vng filz. Ce fut le

1548 2137 1137 98 trespuissant et redoubte roy charle-

1555 2220 1130 113 maigne. leq̃l puis apres fut deboute

1551 2303 1126 116 et dechasse hors du royaulme par les

1555 2393 1126 113 dessudis. hauffroy et hẽry. ainsique

1559 2495 1122 112 plus aplain appert ence p̃sent liure.

1555 2585 1126 102 mais a tant ie uous veul parler de la

1555 2668 1126 105 matiere subiecte ia deuãt proposee:

1551 2762 1130 124 et par especial du fait et du gouuer

1551 2852 1126 102 nemẽt du vaillant valẽtin et de son

1551 2935 1126 109 frere orson. Or est vray q̃ le roy pepĩ

1555 3033 1122 105 auoit vne seur nõmee bellissant: belle

1551 3112 1126 131 plaisant et tresgracieuse en toutes

1551 3210 1126 109 choses biẽ aprise et endoctrinee et lai

1548 3300 1129 120 ma le roy pepin son frere de bonne a-

1548 3394 1126 113 mour cordiale. Et tãt qͥl auint que

1551 3484 1126 102 pour le bruit et renõmee dicelle laq̃l-

1548 3567 1129 113 le de grãs et de petis estoit prisee et a-

1544 3665 1137 117 mee. pour la beaulte et tresgracieulx

1544 3752 1145 173 parler maniere et cõtenance qͥ en elle

380 1975 64 79 v
