3288 4516
297 406 1126 120 vous ales en pays estrange loing de

293 492 1134 106 vostre natiõ.gouuernez vous par sai

286 572 1130 135 ges dames.Et vous gardes de mau

290 662 1122 124 uais conseil croire.vous estes la crea

293 756 1115 109 ture du mõde q̃ iay pluschier aymee

290 842 1122 125 Sy me seroit lamort prochaine se

290 933 1118 128 par voꝰ ie nauoye toutes bones nou-

286 1027 1118 109 uelles. Moult dõna le roy pepin de

286 1117 1118 102 beaulx et de bons enseignemens a sa

286 1211 1115 109 seur. incõtinent lembrassa et la bai-

290 1298 1111 113 sa moult doulcemẽt en plourãt ten-

286 1384 1111 110 dremẽt pour le departemẽt de sa seur

282 1475 1126 109 Et la france dame qͥ le cueur eult pi

282 1573 1119 112 teux et dolent peu de chose respondit.

278 1652 1119 109 car de ses plaisãs yeulx et du cueur

282 1734 1115 125 souspiroit sy grandemẽt q̃ le parler

282 1844 1119 94 luy estoit chose tresforte. Adonc prin

282 1926 1122 102 drẽt cõgie dames et damoiselles ba

278 2009 1126 113 rõs et cheualiers tãt ce frãce q̃ dudit

278 2096 1119 113 ẽpereur.la y eut maĩtes larmes plou

282 2186 1122 113 rees et maĩt souspirs gettez pour bel

278 2280 1119 117 lissant. Leroy pepĩ sen retourna en

282 2370 1119 117 frãce et lẽpereur mõta sur la mer et

274 2453 1130 113 eut bõ vẽt et le tẽps a sõ plaisir.tãt

278 2547 1123 113 q̃ en peu despasse luy et ses gẽs arri-

278 2638 1130 109 uerẽt a cõstantinoble. sy fut receu a

267 2724 1134 128 grãt hõneur et triũphe. dõt le reciter

274 2818 1123 117 seroit lõg. Mais ne demoura pas lõ

271 2905 1126 132 guemẽt q̃ le grãt hõneur qͥ fut fait a

274 2999 1127 117 bellissãt et la ioye q̃ chascũ mena fut

278 3093 1119 102 muee en pleurs et lamẽtatiõs:pour

274 3172 1123 120 la frãce dame bellissãt qͥ par trahisõ

271 3274 1126 116 et accusatiõ deceptiue fut enexil get

278 3368 829 98 tee ainsi q̃ voꝰ ores reciter.

331 3522 1073 139 Cõmẽt lẽpereur fut trahy par lar

278 3624 1123 124 cheuesque de cõstantinoble dõt mau-

297 3725 1096 173 uais mal luy en dit cõme voꝰores.ii.

1495 519 49 79 e

1762 406 855 109 N la cite de cõstãtinoble a-

1743 500 870 105 uoit vng archeuesq̃ leq̃l sur

1751 587 859 109 toꝰ les aultres lepereur ay-

1480 662 1122 124 moit et tenoit chier plꝰ q̃ nul hõme.

1476 763 1122 128 Et luy faisoit des biẽs a grande ha

1468 858 1126 105 bũdãce et largesse tant auoit de con

1480 940 1107 125 fidence. Lempereur audit archeuesq̃

1472 1031 1111 131 le fist de son hostel gouuerneur et sy

1468 1125 1123 105 le fist son confesseur principal et sur

1472 1208 1119 112 tout secret dont eut de puis le cueur

1472 1294 1126 117 dolẽt. Car le faulx archeuesq̃ ingrat

1468 1388 1126 109 et nõ cognoissant des grãs biens et

1468 1482 1126 121 haulx hõneurs qͥ luy auoit fait. Et

1472 1573 1122 101 par chascũ iour faisoit le bõ ẽpereur

1472 1667 1119 101 par amour. desordõne deshõneste vi-

1472 1746 1119 124 tuperable villaine embrase fut et es

1472 1844 1115 105 prins de puante luxure et de plaisir

1465 1930 1126 105 charnel pour la clere et beaulte sou-

1465 2020 1126 110 ueraine de bellissant la royne gracieu

1468 2114 1119 110 se doulce et courtoise tãt et si ardam

1457 2201 1126 117 mẽt q̃ vng iour qͥl auisa la royne tou

1457 2291 1130 110 te seule en la sale paree vint au pres

1457 2378 1130 109 delle soy assoir Et la cõmẽca aregar

1461 2457 1126 120 der en sourriant de quoy la dame ne

1461 2562 1126 102 fit maniere ne semblãt. car tãt estoit

1453 2645 1130 124 desloyal larcheuesq̃ priue et familier

1453 2728 1134 117 de la maisõ q̃ iamais neust cuide per-

1461 2826 1118 128 sõne nee. q̃ faire ne pẽser il voussist cho

1461 2924 1115 97 se cot̃re lẽpereur fors q̃ tout hõneur.

1457 3006 1126 125 Or nest il point de pire ẽnemy q̃ celui

1457 3097 1130 109 qͥ est familier de la maisõ quãt a mal

1461 3195 1122 109 se ueult appliquer.cõme biẽ le mõste-

1453 3277 1130 121 ra le faulx et mauldit archeuesq̃: le-

1457 3364 1111 124 q̃l estãt assis empres elle de la tãt ay

1453 3454 1123 113 mee et renõme dame il ouurit sa bou

1442 3541 1134 128 che venimeuse puante et sale et par-

1457 3635 1119 109 la en telle maniere. Ma treschiere et

1457 3721 1122 185 souueraine dame. ie suis vostre petit
