3288 4516
320 387 1114 128 ne bellissant la male voulente de son

308 496 1134 113 courage. Trop atẽps cõmẽca la fo

308 587 1130 109 lie:et tart sen repentit. Ainsy auiẽt

312 677 1126 113 souuent q̃ ce que fol pense il demeure

316 767 459 117 estre parfait.

399 835 1039 139 ͥCõment larcheuesq̃ ap̃s ce qͥl fut

312 933 1122 116 escõdit de la dnme bellissant pour sõ

316 1034 1118 102 hõneur sauluer cõtre la noble dame

320 1125 1114 120 pẽsa et machina vne grãt trahisõ. iii

576 2472 855 105 N pensee et sousy trop par

576 2566 862 121 fait et ennuyeulx fut lar-

576 2668 855 94 ̃cheuesque doubtãt q̃ lempe

301 2754 1130 94 reur ne le fist mourir pour sa faulte

301 2833 1133 106 criminelle:laq̃lle cõtre sa haulte sei

293 2912 1149 128 gneurie et magnificẽce il auoit cõmi

312 3010 1126 113 se. Si se pensa de sauluer sõ hõneur

308 3100 1130 102 tout au mieulx q̃ il pourroit Et tãt

308 3187 1134 124 fit q̃ pour sa malediction couurit et

312 3285 1130 113 pour monstrer apparãce de leaute et

312 3383 1126 94 preudõmie:en faignant et dissimu-

305 3462 1137 116 lãt q̃ de tout son pouoir il vouloit et

305 3552 1137 102 desiroit le bien et honneur et valeur

308 3646 1134 102 et vtilite de lẽpereur. Le iour de la-

308 3729 1134 154 scention nostre seigneur. il vint par-

1517 421 1119 94 deuers lẽpereur et le tyra a part. et

1502 496 1138 109 luy dist en telle maniere. Treshault

1506 598 1130 98 empereur il est vray q̃ ie cognois les

1506 673 1134 124 grans graces et benefices q̃ vous ma

1506 763 1126 113 ues donez et ottroyez: et scay bien q̃

1506 846 1126 121 par vous ie suis en hõneur monte et

1502 948 1130 113 eleue plus que a moy napartiẽt. Et

1510 1027 1122 117 sy mauez fait cõme indigne et insuf-

1510 1125 1118 109 fisant maistre et gouuerneur de tou

1502 1211 1126 117 te vostre maison:du tout a moy voꝰ

1502 1305 1126 117 confiant plus quennul aultre de vo

1498 1399 1130 110 stre court. sy ne doy pas estre en lieu

1498 1475 1127 120 ne en place ou ie seuffre ne endure vo

1506 1576 1122 109 stre estat estre diffame et vostre renõ

1498 1663 1134 113 mee mys au bas. Car ainsy me soit

1498 1753 1134 109 dieu propice q̃ iaimeroye plus chier

1498 1836 1130 120 deuant toꝰ de moy soubmettre a subi

1498 1934 1130 109 te mort finer mes iours q̃ voir ou es-

1495 2028 1137 105 couter deuãt ma presence langaiges

1502 2107 1126 113 ou parolles qui a vostre honeur et do

1498 2197 1134 109 mination et seigneurie fussent mal

1498 2288 1130 128 cõuenables ne licites Si me veullez

1502 2389 1130 106 oyr reciter et declairer vng cas qͥ grã

1498 2480 1134 101 demẽt touche et ataint vostre profit

1498 2559 1138 112 et hõneur plu q̄ nulles riẽs. Sire il

1498 2653 1134 124 est vray et certain q̃ bellissãt vostre

1506 2735 1126 117 fẽme seur du roy pepĩ de frãce. laq̃lle

1506 2833 1126 109 voꝰ auez voulu tã priser et hõnourer

1502 2924 1134 105 q̃ pour fẽme et espouse lauez prise. ne

1502 3018 1130 105 vous tiẽt pas foy ne loyaulte cõme

1506 3100 1126 106 doit.car pour tout vray elle aime au

1502 3187 1134 120 tre q̃ voꝰ: et q̃lle voꝰ ẽ desloyalle. mais

1510 3281 1126 117 tãt ya q̃ ie ne veulx pas mener ne nõ-

1514 3387 1118 94 mer celuy qͥ de vostre fẽme fait sa vou

1502 3469 1138 106 lẽte. Car voꝰ scauez q̃ ie suis p̃stre sa

1506 3552 1126 117 cre. il est vray q̃ la verite de telle chose

1506 3642 1137 113 mest venue en cõfession sine la doyne

1514 3733 1133 158 ne veul pas reciter en maiere q̃ ie voꝰ

320 2540 45 139 e
