3424 4640
708 421 1164 151 nõme celluy qͥ tel deshonneur voꝰ pour

708 529 1160 132 chasse. mais q̃ de tant voꝰ me veullez

715 649 1157 89 croire q̃ en toute la court ny a plus

719 730 1157 112 dissolue ne deshõneste fẽme q̃ la vostre

715 812 1157 119 q̃ tãt chier voꝰ tenes dont vostre corps

704 897 1164 127 est en dãger et peril Ja elle pourchas

719 1009 1153 104 se nuyt et iour maniere de vous faire

711 1086 1157 108 mourir. affin de mieulx faire sa vou

708 1167 1168 128 lente. Et pourtãt ie suis tenu de vou

719 1268 1153 116 loir vostre profit et hõneur garder.

727 1357 1145 108 Je voꝰ auertis et fais assauoir que

715 1453 1161 113 voꝰ la veullez auiser et corriger tout

715 1538 1157 120 au mielx et plus secretemẽt q̃ faire

715 1635 1157 101 poures:ou aultremẽt ie tiens vostre

719 1720 1134 124 hõneur perdue. et vostre persõne des

715 1805 1153 128 hõnouree. Car trop est grande infa

715 1910 1153 104 mete entre les princes q̃ vous cuides

719 1987 1149 139 auoir espouse la seur du roy de fran-

715 2091 1161 105 ce pour la fleur de beaulte de pruden-

715 2173 1157 116 ce et de noblesse. Et vous auez vne

719 2269 1153 116 putain q̃ de vostre vie est ennemye. et

723 2354 1153 116 vostre mort desire et appelle de iour

715 2451 1153 108 en jour. dont ien suis desplaisant en

715 2536 1161 112 laquelle chose veullez remedier tout

723 2644 1153 97 au mieulx q̃ vous poures pour vostre

719 2722 1153 123 hõneur garder. Quant lẽpereur en-

719 2803 1157 120 tendit le parler du traitre archeues

719 2907 1149 116 que. Ne demandes pas sil en fut au

719 3008 1149 93 cueur tresameremẽt dolãt et courou

719 3081 1157 116 ce. Car de tant est il plus dolãt quãt

727 3170 1153 116 on luy en raporte mauuaises nouuel

719 3263 1157 116 les. Lempereur crut de legier les pa

723 3352 1153 124 rolles du faulx archeuesq̃ car en lui

727 3449 1145 135 auoit sa cõfidẽce plus quẽ hõme vi-

727 3541 1137 132 uãt Il creut trop de legier par quoy

719 3638 1149 120 grant incõueniẽt puis ap̃s il en sour

735 3719 1137 116 dit. Il nest plus grãt danger a prin

719 3812 1153 143 ce q̃ croire de legier Lempereur ne res

1934 421 1168 139 pondit riens Car tant fut espris de

1942 545 1157 108 couroux et naure au cueur parfon-

1942 630 1157 108 dement q̃l perdit maniere et cõtenãce

1942 715 1153 120 Et sen ala parmy le palays imperi

1946 808 1145 127 al gemissant et gettãt souspirs tres

1942 900 1157 120 angoiseux Puis ne se tint pas a tãt

1938 997 1153 105 mais ne peult son ire refraindre ny a

1953 1090 1142 100 tremper. Mais sen entra sans parler

1946 1171 1145 120 ne faire semblãt dedẽs la belle cham

1942 1268 1153 108 bre de bellissant qui garde ne sen don

1942 1372 1153 97 noit. et sãs dire mot a dame ny a da

1938 1450 1157 108 moiselle cruellemẽt et de fier coura

1961 1550 1110 104 ge vit prendre la belle dame enchier

1938 1620 1153 131 vis. Et par les cheueulx de sõ chief

1938 1716 1168 109 la getta a terre sy rudemẽt q̃ de la fa

1946 1805 1146 128 ce vermeille il luy fist le sang saillir.

1938 1894 1149 124 A donc se prist la dame trespiteuse-

1942 1991 1145 108 mẽt a plourer et crier. Helas. helas

1946 2095 1141 105 mõseigneur q̃lle chose vous meult de

1942 2176 1149 105 moy si oultrageusement frapper et

1946 2281 1145 93 batre. Car oncq̃s iour de ma vie ie

1938 2350 1153 113 ne voꝰ fis q̃ tout hõneur et leal serui

1942 2439 1145 116 ce de mon corps. A putain ce luy dist

1965 2532 1091 124 lempereur Je suis trop biẽ informe

1942 2621 1145 116 de vostre vie. Que mauldite soit leu

1946 2726 1141 100 re et le iour q̄ de vous p̃mier me vint

1946 2807 1137 116 cognoissance. Si la fiert de rechief

1953 2900 1138 112 Sy fort et sy grant cou pq̄ la noble da

1946 2988 1141 120 me pedit le parler. Et cuiderent les

1946 3085 1145 108 dames et damoyselles q̃lle fust mor

1946 3174 1145 120 te:sy firẽt ung cry sy grant q̃ les ba

1942 3271 1149 100 rons et cheualiers de la court loirẽt

1949 3364 1134 100 Et vinrẽt en la chãbre dõt les vngz

1942 3437 1145 116 leuerẽt bellissant la royne et les aul

1946 3534 1141 120 tres prindrent lẽpereur en parlant a

1942 3623 1149 112 luy par telle maniere. Helas sire cõ-

1942 3712 1149 112 ment aues vous si cruel courage de

1946 3816 1145 143 vouloir deffaire sy vaillant et noble
