3276 4516
248 376 1118 113 dame qui de tant est de tous chiere

248 459 1115 116 ame. En laq̃lle ne fut oncq̃s veu ne

248 549 1118 113 apperceu blasme ne deshonneur pour

252 639 1111 121 aieu sire soyes vng petit plus atrẽpe

248 722 1118 120 et modere. Car a tort et sans cause

244 816 1122 136 entreprenes ceste q̃relle cõtre la bõ-

248 903 1115 120 ne dame:ne parles plus dit lẽpereur

248 1001 1118 128 ie congnois ie fais et sy scay cõme la

256 1080 1114 128 chose va. Et qui plus est par le dieu

256 1166 1114 128 tout puissant ie suis delibere totale-

256 1272 1114 109 mẽt de la mettre a mort : et se nul den

259 1354 1111 113 tre vous mẽ dist du cõtraire ie luy fe

256 1445 1118 116 ray perdre la vie et possessions et he-

256 1527 1118 117 ritages. A ces motz parla vng tres-

263 1610 1115 128 sage baron et dit. Redoubte sire ad-

263 1712 1111 113 uises et cõsideres q̃ vous voules faire

263 1795 1100 128 Dons scaues q̃ la dame q̃ vous aues

263 1885 1118 128 espousee est seur du roy de france nõ-

263 1975 1118 121 me pepin: leq̃l est puissant sier et de

259 2062 1126 147 grant courage. Et deuez fermemẽt

267 2156 1111 128 croire q̃ se vous faites a sa seur bellis

267 2246 1122 136 sant oultrage ou villẽnye. il est hom

267 2337 1118 127 me pour soy venger par telle facon q̃

267 2446 1126 98 trop de dommage pourra porter en ce

271 2525 1118 120 pays et en pourront mourir maintz

274 2607 1100 132 hons et vaillans seigneurs et voꝰ mes

267 2702 1130 109 mes en exil en honte et cõfusion dont

271 2788 1118 124 ce seroit pitie Et daultre part la bõ

274 2875 1123 120 ne dame est grosse denfant et ainsi q̃

278 2969 1119 128 vous voyes si est peril a vous de la fe-

278 3055 1122 132 rir ne toucher sy rudement. Ap̃s ces

282 3153 1118 113 parolles la dame se getta a deux ge-

278 3243 1122 125 noulx a terre deuant lẽpereur en par

278 3330 1126 113 lant. et en plourãt dit moult piteu-

286 3413 1122 132 semẽt. Helas monseigneur ayes pi-

289 3511 1115 120 tie de moy. car oncq̃s mal ne villẽnye

289 3612 1123 113 ne voulus penser: et se vous naues pi

293 3695 1111 169 tie de moy veulles au moins auoir pi

1434 387 1130 105 tie de lenfant q̃ ie porte en mon ven-

1438 459 1115 113 tre. Car ie suis grosse et ensainte de

1442 549 1111 117 vostre fait dõt dieu par sa grace me

1442 632 1114 124 doint ioye de le deliurer. Helas sire ie

1442 722 1111 128 vous supplie et requiers q̃ de dẽs vne

1442 824 1114 116 tour me faces mettre et ẽfermer tãt

1445 906 1111 121 que le te tẽps sera venu q̃ ie deliure

1442 993 1118 120 et enfãte. Et ap̃s mon enfantemẽt

1453 1083 1107 128 faites de mõ corps ce qͥl vous plaira

1457 1177 1103 117 Tãt et si piteusemẽt parloit la dou

1453 1268 1107 116 ce dame en larmoiãt des yeulx et du

1453 1362 1107 120 cueur souspirant. et q̃ trop auoit le

1453 1445 1111 135 cueur dur qͥ se scauoit tenir de plou-

1453 1542 1100 117 rer. Mais lẽpereur qui par le faulx

1453 1629 1115 117 et mualdit archeuesque fut deceu et

1453 1723 1115 128 courouce au cueur. neust oncq̃s de sa

1457 1802 1111 136 fẽme cõpassion ne pitie. mais cruel

1457 1889 1114 128 lemẽt et fieremẽt luy respõdit ffaul

1457 1983 1114 120 ce putain desordõnee de tant q̃ tu es

1457 2088 1114 128 grosse denfant ie me dois petit resiou

1461 2160 1114 139 ir. Car ie suis tant de ton gouuerne

1457 2254 1111 139 mẽt informe que ie ny ay riens: et q̃

1464 2337 1119 131 desloyalmẽt tu tes abandõnee a aul

1464 2427 1111 135 tres q̃ amoy. Quant ilz virent q̃ lẽ-

1464 2517 1107 136 pereur ne vouloit pour nulle riens sõ

1468 2619 1115 120 ire appaiser ne refraindre. tout par

1468 2698 1118 124 vng cõmun acord lõt prins et mene

1468 2788 1122 143 hors de la chambre. Et le plus doul-

1468 2894 1122 120 cemẽt quilz ont peu lont tenu en pa

1468 2973 1118 120 roles en luy remonstrant sa faulte.

1468 3067 1122 128 Et la dame est demouree en la chã-

1468 3149 1126 128 bre qui du sang auoit sa face tainte

1472 3240 1118 120 et salle. Les dames du plꝰ pres del-

1472 3345 1118 121 le luy ont apporte de leaue clere pour

1476 3420 1118 136 soy lauer Et a celle heure ẽtra dedẽs

1479 3507 1122 135 sa chambre son escuier nõme blandi

1476 3601 1125 135 main. Et quant il la vit il cõmenca

1494 3688 1107 203 aplourer en luy disãt. ha ma dame
