3424 4640
754 413 1168 139 madame. ie voy bien que faulcemẽt

773 529 1149 112 voꝰ estes trahye: sy requiers a dieu

762 626 1145 112 que mauldite soit la personne qui ce

758 715 1164 127 mal vous a pourchase.pour dieu ma

762 804 1133 116 tresdoulce dame prenez en vous vng

762 889 1137 135 peude resconfort. Et se vous mevou

758 986 1160 116 lez croire ie vous remẽray en france

762 1074 1141 116 deuers le roy pepin vostre frere qui a

762 1167 1153 112 vous me donna et bailla pour voꝰ ser

762 1260 1153 108 vir en voz necessitez: laq̃lle chose ie

762 1345 1145 120 vouldroye faire de ma pussãce. croi-

758 1434 1137 120 ez mon conseil et nous en retournõs

758 1527 1149 120 en vostre pays. Car vous estes seu-

758 1616 1149 116 re q̃ lẽpereur vous fera mourir brief

758 1697 1157 131 ment a honte et deshõneur. Lors res-

766 1801 1141 124 pondit la dame.helas. blandimain

762 1886 1141 124 mon amy trop me seroit chose vitu

762 1979 1149 128 perable et a moy deshõneste de men a

758 2072 1160 124 ler en telle maniere sans aultre deli

762 2161 1149 124 beration Et pourroit on dire et croi

762 2250 1153 120 re de legier q̃ lẽpereur auroit droit et

766 2339 1156 124 rayson et q̃ ie seroy coupable dufait

769 2432 1153 131 Sy ayme mieulx et pluschier mou

762 2524 1153 124 rir de mort que blasme recepuoir du

766 2621 1156 124 fait. dõt ie suis innocent et sãs cau

762 2710 1160 120 se acusee. Apres les choses ainsidi-

769 2799 1138 120 tez lẽpereur qͥ fut auec les barõs vng

766 2888 1156 124 petit modere et refrigere de son ire en

766 2977 1156 120 uoya q̃rir bellissant sa fẽme et fut a-

766 3062 1156 120 menee par deuant luy:quãt il la vit

777 3159 1145 131 le cueur de dueil luy trãbla de ce quil

781 3255 1141 112 ne losa pas faire mourir pour doub-

773 3340 1149 132 tedu roy pepin son frere. Par rudes

796 3433 1126 124 parolles lui dist faulce et mauuaise

777 3522 1145 131 fẽme par vous est mon hõneur vitu

777 3619 1145 127 peeree. Sy iure a dieu que se ne fust

777 3708 1145 108 Pour lamour de vostre frere et vail-

793 3800 1129 151 lant roy pepin ie vous feisse ardoir et

1946 433 1167 116 brusler en feu. mais pour lamour de

1946 518 1149 120 luy sera vostre vie prolõgee pour le

1965 622 1145 112 present. Si vous fais assauoir que

1953 707 1153 105 de ceste heure ie vous bãnys et expelle

1973 800 1145 112 de mon pays et empire. Vous cõmã-

1977 897 1145 96 dant esp̃ssemẽt q̃ demain vous par-

1961 989 1145 113 tes de la cite. car se plus vous y voy

1969 1071 1137 116 iamais naurez respit que mourir ne

1965 1160 1145 116 vous face. Et sy fais cõmandement

1961 1256 1149 105 A toꝰ ceulx de mon pays q̃ nulne soit

1965 1345 1141 101 tant hardy de vous cõpaigner ne cõ-

1969 1430 1137 108 uoyer: fors seulement vostre escuier

1965 1527 1145 112 blandimain. q̃ de frãce amenastes a-

1969 1616 1137 104 uec vous. alez ou vous vouldres et

1965 1701 1141 116 a vostre auẽture. Car iamais amõ

1965 1798 1141 112 coste ne amon lit ne coucherez. Tan

1969 1883 1137 116 tost apres le cõmandemẽt de lẽpereur

1973 1979 1133 109 qui fut court et soudain sans seiour

1965 2068 1137 105 ne dilation La royne bellissant et sõ

1965 2157 1149 108 escuier blandimain monterẽt a che-

1969 2242 1141 120 valet vuiderẽt laville. Si fut par

1965 2347 1145 100 la cite des seigneurs et des dames

1949 2432 1161 104 et de tout le menu peuple tant des

1965 2528 1149 112 grãs cõme des petis. fais pleurs cris

1957 2613 1153 116 et lamentatiõs: en sy grant nõbre q̃

1965 2706 1145 116 telle pitie ne fust veue oncq̃s ne oye.

1965 2795 1153 105 Chascun couroit ala porte pour cõ-

1957 2880 1157 112 mander a dieu a la belle dame qͥ par

1953 2965 1165 120 le faulx archeuesq̃ est piteuseme de-

1957 3058 1165 116 chassee. Et au saillir de la cite fut

1946 3147 1153 120 le cry sy grant et si piteulx q̃ cestoit

1953 3251 1149 116 pitie de loyr. Oz sen va blandimain

1946 3333 1168 116 qui conduisoit et menoit bellissãt la

1946 3425 1156 112 dame et ont prins le chemin pour ti-

1957 3530 1165 108 rer vers le pays de france. Et quant

1946 3615 1156 108 la dame fut h̃ors des murs de la cite

1946 3700 1172 112 Et q̃lle se vit aux chãps pourement

2004 3800 1110 140 adornee et cõme poure persõne infame
