3264 4516
259 368 1141 143 villainement rechassee Alors elle cõ

252 485 1148 120 sidere le lignage et sang royal dõt el

256 572 1140 120 le estoit partie et yssue. La treshaul

263 658 1137 128 te magnificence imperiale ou elle a-

259 756 1133 113 uoit este mise. Puis pensa la misera

256 846 1144 113 ble et dolãte fortune q̃ sur elle estoit

259 933 1133 116 si soudainemẽt tournee. Helas he-

252 1034 1144 102 las pour quoy tarde la mort q̃lle ne

256 1113 1140 113 vient a moy pour ma vie abreger et

256 1196 1140 124 mes angoisses et douleurs afin met

256 1287 1136 135 tre. Las de malleure fus ie nee pour

256 1381 1129 135 telle peine souffrir Et de syhault es

256 1478 1136 125 tat cheoir en telle pourete. car de tou

252 1561 1140 128 tes les maleureuses ie suis lanõ pa

248 1655 1144 117 reille. Or sont toutes mes ioyes en

252 1738 1137 121 tristresse muees. mes ris en pleurs

248 1832 1141 117 changez. mes chans en souspirs con

252 1923 1140 116 uertis. en lieu de robe de drap dor dõt

252 2017 1137 128 souloie estre paree. ie suis cõme fem

248 2099 1133 136 me publiq̃. de iniures et vituperez cõ

248 2194 1148 120 mise et adornee. Et pour pierres pre

248 2284 1144 117 cieuses grosses de valeur inestima-

252 2385 1140 121 bles de toutes pars me conuiẽt le de

252 2461 1140 128 mourãt de ma pouredie dolãte semer

252 2555 1133 116 et couurir mes habis de grosses lar-

256 2645 1133 113 mes et dueil qͥ mes iours et ma vie

252 2735 1133 117 me ferõt finer. Ovous pastourelles

252 2826 1137 131 et bergieres des champs: consideres

252 2924 1133 105 ma grant douleur et ploures mõ do-

252 3010 1140 117 lant exil. Or pleust a dieu q̃ ie fusse

256 3097 1136 113 de aussi basse cõdicion et estat desc̃e

259 3183 1133 113 due q̃ la plͬ̾ꝰ poure du mõde. Au moĩs

263 3292 1126 98 ie nauroye nul regret de moy veoir en

256 3375 1133 113 telle pourete. Helas pourquoy me a-

263 3469 1133 106 lume le soleil et pourquoy me sousti

259 3556 1141 105 ent la trrre. Car ie nay besoing q̃ de

263 3642 1137 117 la fontaine dãgereuse de tristresse et

263 3733 1137 173 mortelle misere. Pour dõner a mes

1438 361 1155 150 yeulx force et habõdance de larmes.

1445 477 1156 110 Car il nest pas en ma puissance hu

1453 572 1148 116 maine et corporelle de ma destresse lã

1438 658 1140 128 goureuse souffisãment plourer. O

1456 745 1141 116 faulce enuye et trahyson ie te doy biẽ

1449 854 1152 90 du cueur mauldire. Car par toy ie

1453 933 1148 105 suis au iour duy la plus dolente cre-

1453 1027 1144 94 ature qͥ soit viuant sur la terre. He

1453 1125 1140 94 las mon frere roy pepin q̃ ferez vous

1445 1196 1152 109 de ceste dolente. Or vous vausist il

1449 1283 1144 116 mieulx q̃ oncq̃s sur terre ie neusse es-

1449 1373 1152 121 te enfantee. Ou q̃ du ventre de ma

1453 1478 1140 98 mere ie eusse este en terre boutee. En

1453 1569 1144 98 faisant ceste dure cõplainte la dame

1460 1648 1137 109 demoura pasmee sur le cheval: et a

1456 1742 1137 117 terre fust tõbee Quant blandimain

1456 1832 1137 113 saprocha pour le soustenir. helas dist

1456 1934 1137 94 il madame prenez envoꝰ cõfort et ne

1456 2013 1134 109 veullez entrer en tel desespoir. Ayez

1460 2099 1130 117 ferme fiãce en dieu. Et aĩsy cõmevoꝰ

1453 2194 1144 112 estes innocente sachez qͥl voꝰ cõforte-

1456 2288 1141 105 ra et vostre bon droit gardera. Adõc

1453 2370 1140 113 il auisa vne moult belle fõtaine vers

1456 2472 1137 124 laquelle il mena la dame et au plus

1464 2566 1129 105 pres la fist assoir pour vng peu repo

1464 2668 1129 105 ser et reprendre courage. Sy vous

1453 2739 1133 128 laisseray a parler deulx et parleray

1456 2833 1134 124 delarcheuesque qͥ fut perseuerãt en

1468 2920 1016 143 samalice dãnable et diabolique.
